@article{zhou2021blockchain,
  title={Blockchain-based decentralized reputation system in E-commerce environment},
  author={Zhou, Zhili and Wang, Meimin and Yang, Ching-Nung and Fu, Zhangjie and Sun, Xingming and Wu, QM Jonathan},
  journal={Future Generation Computer Systems},
  volume={124},
  pages={155--167},
  year={2021},
  publisher={Elsevier}
}
@article{xiao2022novel,
  title={A novel decentralized e-commerce transaction system based on blockchain},
  author={Xiao, Yuanyuan and Zhou, Chuangming and Guo, Xinpeng and Song, Yafei and Chen, Chen},
  journal={Applied Sciences},
  volume={12},
  number={12},
  pages={5770},
  year={2022},
  publisher={MDPI}
}